@incollection{
year={2015},
isbn={978-3-319-22415-2},
booktitle={Towards Autonomous Robotic Systems},
volume={9287},
series={Lecture Notes in Computer Science},
editor={Dixon, Clare and Tuyls, Karl},
doi={10.1007/978-3-319-22416-9_29},
title={Auction-Based Task Allocation for Multi-robot Teams in Dynamic Environments},
url={http://dx.doi.org/10.1007/978-3-319-22416-9_29},
publisher={Springer International Publishing},
author={Schneider, Eric and Sklar, ElizabethI. and Parsons, Simon and Ã–zgelen, A.Tuna},
pages={246-257},
language={English}
}
