@incollection{
year={2008},
isbn={978-3-540-77947-6},
booktitle={Adaptive Agents and Multi-Agent Systems III. Adaptation and Multi-Agent Learning},
volume={4865},
series={Lecture Notes in Computer Science},
editor={Tuyls, Karl and Nowe, Ann and Guessoum, Zahia and Kudenko, Daniel},
doi={10.1007/978-3-540-77949-0_11},
title={Bee Behaviour in Multi-agent Systems},
url={http://dx.doi.org/10.1007/978-3-540-77949-0_11},
publisher={Springer Berlin Heidelberg},
author={Lemmens, Nyree and de Jong, Steven and Tuyls, Karl and Now√©, Ann},
pages={145-156},
language={English}
}
