@incollection{
year={2015},
isbn={978-3-319-22415-2},
booktitle={Towards Autonomous Robotic Systems},
volume={9287},
series={Lecture Notes in Computer Science},
editor={Dixon, Clare and Tuyls, Karl},
doi={10.1007/978-3-319-22416-9_27},
title={The Benefits of Explicit Ontological Knowledge-Bases for Robotic Systems},
url={http://dx.doi.org/10.1007/978-3-319-22416-9_27},
publisher={Springer International Publishing},
author={Saigol, Zeyn and Wang, Minlue and Ridder, Bram and Lane, DavidM.},
pages={229-235},
language={English}
}
