@incollection{
year={2010},
isbn={978-3-642-11813-5},
booktitle={Adaptive and Learning Agents},
volume={5924},
series={Lecture Notes in Computer Science},
editor={Taylor, MatthewE. and Tuyls, Karl},
doi={10.1007/978-3-642-11814-2_8},
title={Coordinating Learning Agents for Multiple Resource Job Scheduling},
url={http://dx.doi.org/10.1007/978-3-642-11814-2_8},
publisher={Springer Berlin Heidelberg},
author={Tumer, Kagan and Lawson, John},
pages={123-140},
language={English}
}
