@incollection{
year={2015},
isbn={978-3-319-22415-2},
booktitle={Towards Autonomous Robotic Systems},
volume={9287},
series={Lecture Notes in Computer Science},
editor={Dixon, Clare and Tuyls, Karl},
doi={10.1007/978-3-319-22416-9_33},
title={Collaborating Low Cost Micro Aerial Vehicles: A Demonstration},
url={http://dx.doi.org/10.1007/978-3-319-22416-9_33},
publisher={Springer International Publishing},
author={Williams, Richard and Konev, Boris and Coenen, Frans},
pages={296-302},
language={English}
}
