@incollection{
year={2008},
isbn={978-3-540-77947-6},
booktitle={Adaptive Agents and Multi-Agent Systems III. Adaptation and Multi-Agent Learning},
volume={4865},
series={Lecture Notes in Computer Science},
editor={Tuyls, Karl and Nowe, Ann and Guessoum, Zahia and Kudenko, Daniel},
doi={10.1007/978-3-540-77949-0_3},
title={Continuous-State Reinforcement Learning with Fuzzy Approximation},
url={http://dx.doi.org/10.1007/978-3-540-77949-0_3},
publisher={Springer Berlin Heidelberg},
author={Buşoniu, Lucian and Ernst, Damien and De Schutter, Bart and Babuška, Robert},
pages={27-43},
language={English}
}
