@article{
year={2003},
issn={0178-4617},
journal={Algorithmica},
volume={37},
number={3},
doi={10.1007/s00453-003-1030-9},
title={A Distributed Ant Algorithm for\protect Efficiently Patrolling a Network},
url={http://dx.doi.org/10.1007/s00453-003-1030-9},
publisher={Springer-Verlag},
keywords={Ant algorithms; Euler cycle; Blanket time; Graph algorithms},
author={Yanovski, Vladimir and Wagner, Israel A. and Bruckstein, Alfred M.},
pages={165-186},
language={English}
}
