@incollection{
year={2008},
isbn={978-3-540-87526-0},
booktitle={Ant Colony Optimization and Swarm Intelligence},
volume={5217},
series={Lecture Notes in Computer Science},
editor={Dorigo, Marco and Birattari, Mauro and Blum, Christian and Clerc, Maurice and Stützle, Thomas and Winfield, AlanF.T.},
doi={10.1007/978-3-540-87527-7_51},
title={The Differential Ant-Stigmergy Algorithm for Large Scale Real-Parameter Optimization},
url={http://dx.doi.org/10.1007/978-3-540-87527-7_51},
publisher={Springer Berlin Heidelberg},
author={Korošec, Peter and Šilc, Jurij},
pages={413-414},
language={English}
}
