@incollection{
year={2006},
isbn={978-3-540-33053-0},
booktitle={Learning and Adaption in Multi-Agent Systems},
volume={3898},
series={Lecture Notes in Computer Science},
editor={Tuyls, Karl and Hoen, PieterJan’t and Verbeeck, Katja and Sen, Sandip},
doi={10.1007/11691839_8},
title={Dealing with Errors in a Cooperative Multi-agent Learning System},
url={http://dx.doi.org/10.1007/11691839_8},
publisher={Springer Berlin Heidelberg},
author={Sousa, ConstançaOliveirae and Custódio, Luis},
pages={139-154},
language={English}
}
