@incollection{
year={2010},
isbn={978-3-642-11813-5},
booktitle={Adaptive and Learning Agents},
volume={5924},
series={Lecture Notes in Computer Science},
editor={Taylor, MatthewE. and Tuyls, Karl},
doi={10.1007/978-3-642-11814-2_4},
title={Decentralized Learning in Wireless Sensor Networks},
url={http://dx.doi.org/10.1007/978-3-642-11814-2_4},
publisher={Springer Berlin Heidelberg},
author={Mihaylov, Mihail and Tuyls, Karl and Now√©, Ann},
pages={60-73},
language={English}
}
