@Online{ePuckSite,
  Title   = {E-Puck Education Robot},
  Author  = {Bonani, Michael and Mondada, Francesco},
  url     = {http://www.e-puck.org/},
  urldate = {2015-10-19},
}