@incollection{
year={2015},
isbn={978-3-319-22415-2},
booktitle={Towards Autonomous Robotic Systems},
volume={9287},
series={Lecture Notes in Computer Science},
editor={Dixon, Clare and Tuyls, Karl},
doi={10.1007/978-3-319-22416-9_8},
title={Hybrid Insect-Inspired Multi-Robot Coverage in Complex Environments},
url={http://dx.doi.org/10.1007/978-3-319-22416-9_8},
publisher={Springer International Publishing},
author={Broecker, Bastian and Caliskanelli, Ipek and Tuyls, Karl and Sklar, ElizabethI. and Hennes, Daniel},
pages={56-68},
language={English}
}
