@incollection{
year={2006},
isbn={978-3-540-33053-0},
booktitle={Learning and Adaption in Multi-Agent Systems},
volume={3898},
series={Lecture Notes in Computer Science},
editor={Tuyls, Karl and Hoen, PieterJan’t and Verbeeck, Katja and Sen, Sandip},
doi={10.1007/11691839_3},
title={Learning Automata as a Basis for Multi Agent Reinforcement Learning},
url={http://dx.doi.org/10.1007/11691839_3},
publisher={Springer Berlin Heidelberg},
author={Nowé, Ann and Verbeeck, Katja and Peeters, Maarten},
pages={71-85},
language={English}
}
