@incollection{
year={2010},
isbn={978-3-642-11813-5},
booktitle={Adaptive and Learning Agents},
volume={5924},
series={Lecture Notes in Computer Science},
editor={Taylor, MatthewE. and Tuyls, Karl},
doi={10.1007/978-3-642-11814-2_7},
title={Learning to Locate Trading Partners in Agent Networks},
url={http://dx.doi.org/10.1007/978-3-642-11814-2_7},
publisher={Springer Berlin Heidelberg},
keywords={Agent oriented networks; partner selection; learning},
author={Porter, John and Chakraborty, Kuheli and Sen, Sandip},
pages={107-122},
language={English}
}
