@incollection{
year={2015},
isbn={978-3-319-18083-0},
booktitle={Artificial Life and Intelligent Agents},
volume={519},
series={Communications in Computer and Information Science},
editor={Headleand, Christopher J. and Teahan, William J. and Ap Cenydd, Llyr},
doi={10.1007/978-3-319-18084-7_4},
title={Learning in Networked Interactions: A Replicator Dynamics Approach},
url={http://dx.doi.org/10.1007/978-3-319-18084-7_4},
publisher={Springer International Publishing},
keywords={Reinforcement learning; Social networks; Replicator dynamics},
author={Bloembergen, Daan and Caliskanelli, Ipek and Tuyls, Karl},
pages={44-58},
language={English}
}
