@incollection{
year={2008},
isbn={978-3-540-77947-6},
booktitle={Adaptive Agents and Multi-Agent Systems III. Adaptation and Multi-Agent Learning},
volume={4865},
series={Lecture Notes in Computer Science},
editor={Tuyls, Karl and Nowe, Ann and Guessoum, Zahia and Kudenko, Daniel},
doi={10.1007/978-3-540-77949-0_17},
title={Multi-agent Learning by Distributed Feature Extraction},
url={http://dx.doi.org/10.1007/978-3-540-77949-0_17},
publisher={Springer Berlin Heidelberg},
author={Wurst, Michael},
pages={239-254},
language={English}
}
