@incollection{
year={2012},
isbn={978-3-642-34798-6},
booktitle={Multi-Agent Systems},
volume={7541},
series={Lecture Notes in Computer Science},
editor={Cossentino, Massimo and Kaisers, Michael and Tuyls, Karl and Weiss, Gerhard},
doi={10.1007/978-3-642-34799-3_10},
title={Multi-agent Learning and the Reinforcement Gradient},
url={http://dx.doi.org/10.1007/978-3-642-34799-3_10},
publisher={Springer Berlin Heidelberg},
author={Kaisers, Michael and Bloembergen, Daan and Tuyls, Karl},
pages={145-159},
language={English}
}
