@incollection{
year={2006},
isbn={978-3-540-33053-0},
booktitle={Learning and Adaption in Multi-Agent Systems},
volume={3898},
series={Lecture Notes in Computer Science},
editor={Tuyls, Karl and Hoen, PieterJanâ€™t and Verbeeck, Katja and Sen, Sandip},
doi={10.1007/11691839_7},
title={Multiagent Traffic Management: Opportunities for Multiagent Learning},
url={http://dx.doi.org/10.1007/11691839_7},
publisher={Springer Berlin Heidelberg},
author={Dresner, Kurt and Stone, Peter},
pages={129-138},
language={English}
}
