@inproceedings{Ranjbar-Sahraei2013,
 author = {Ranjbar-Sahraei, Bijan and Weiss, Gerhard and Tuyls, Karl},
 title = {A Macroscopic Model for Multi-robot Stigmergic Coverage},
 booktitle = {Proceedings of the 2013 International Conference on Autonomous Agents and Multi-agent Systems},
 series = {AAMAS '13},
 year = {2013},
 isbn = {978-1-4503-1993-5},
 location = {St. Paul, MN, USA},
 pages = {1233--1234},
 numpages = {2},
 url = {http://dl.acm.org/citation.cfm?id=2484920.2485159},
 acmid = {2485159},
 publisher = {International Foundation for Autonomous Agents and Multiagent Systems},
 address = {Richland, SC},
 keywords = {environment coverage, macroscopic probabilistic models, stigmergic communication, swarm robots},
}