@incollection{
year={2015},
isbn={978-3-319-18083-0},
booktitle={Artificial Life and Intelligent Agents},
volume={519},
series={Communications in Computer and Information Science},
editor={Headleand, Christopher J. and Teahan, William J. and Ap Cenydd, Llyr},
doi={10.1007/978-3-319-18084-7_10},
title={Multi-Robot Coverage: A Bee Pheromone Signalling Approach},
url={http://dx.doi.org/10.1007/978-3-319-18084-7_10},
publisher={Springer International Publishing},
keywords={Multi-robot systems; Bio-inspired; Bee-inspired; Coverage},
author={Caliskanelli, Ipek and Broecker, Bastian and Tuyls, Karl},
pages={124-140},
language={English}
}
