@incollection{
year={2012},
isbn={978-3-642-33689-8},
booktitle={Multiagent System Technologies},
volume={7598},
series={Lecture Notes in Computer Science},
editor={Timm, IngoJ. and Guttmann, Christian},
doi={10.1007/978-3-642-33690-4_13},
title={A Multi-robot Coverage Approach Based on Stigmergic Communication},
url={http://dx.doi.org/10.1007/978-3-642-33690-4_13},
publisher={Springer Berlin Heidelberg},
author={Ranjbar-Sahraei, Bijan and Weiss, Gerhard and Nakisaee, Ali},
pages={126-138},
language={English}
}
