@misc{myReq,
  author = {Michael Chadwick},
  title = {Stigmergy for Multi-Robot Coverage: Project Requirements Document},
  submissiondate = {2015/10/22},
  year = {2015}, % based on submissiondate
  urldate = {2015-11-12},
  url = {https://github.com/Chuddington/FYP-Stigmergy/blob/master/reqOnly.pdf},
  institution = {Dept. of Computer Science, University of Liverpool},
}