@incollection{
year={2015},
isbn={978-3-319-22415-2},
booktitle={Towards Autonomous Robotic Systems},
volume={9287},
series={Lecture Notes in Computer Science},
editor={Dixon, Clare and Tuyls, Karl},
doi={10.1007/978-3-319-22416-9_12},
title={A Novel Approach to Environment Mapping Using Sonar Sensors and Inverse Problems},
url={http://dx.doi.org/10.1007/978-3-319-22416-9_12},
publisher={Springer International Publishing},
keywords={Image reconstruction; Sonar sensing; Environment mapping},
author={Dias, EduardoTondinFerreira and Vieira Neto, Hugo},
pages={100-111},
language={English}
}
