@incollection{
year={2008},
isbn={978-3-540-77947-6},
booktitle={Adaptive Agents and Multi-Agent Systems III. Adaptation and Multi-Agent Learning},
volume={4865},
series={Lecture Notes in Computer Science},
editor={Tuyls, Karl and Nowe, Ann and Guessoum, Zahia and Kudenko, Daniel},
doi={10.1007/978-3-540-77949-0_9},
title={Priority Awareness: Towards a Computational Model of Human Fairness for Multi-agent Systems},
url={http://dx.doi.org/10.1007/978-3-540-77949-0_9},
publisher={Springer Berlin Heidelberg},
author={de Jong, Steven and Tuyls, Karl and Verbeeck, Katja and Roos, Nico},
pages={117-128},
language={English}
}
