% This file was created with JabRef 2.10.
% Encoding: UTF8


@Incollection{Ahmadi2006,
  Title                    = {Multi-robot Learning for Continuous Area Sweeping},
  Author                   = {Ahmadi, Mazda and Stone, Peter},
  Booktitle                = {Learning and Adaption in Multi-Agent Systems},
  Editor                   = {Tuyls, Karl and Hoen, PieterJan’t and Verbeeck, Katja and Sen, Sandip},
  Year                     = {2006},
  Doi                      = {10.1007/11691839_2},
  ISBN                     = {978-3-540-33053-0},
  Language                 = {English},
  Pages                    = {47--70},
  Publisher                = {Springer Berlin Heidelberg},
  Series                   = {Lecture Notes in Computer Science},
  Volume                   = {3898},

  Owner                    = {Chuddington},
  Timestamp                = {2015.10.18}
}

@Incollection{Antuna2015,
  Title                    = {Symmetry Reduction Enables Model Checking of More Complex Emergent Behaviours of Swarm Navigation Algorithms},
  Author                   = {Antu{\~{n}}a, Laura and Araiza-Illan, Dejanira and Campos, S{\'{e}}rgio and Eder, Kerstin},
  Booktitle                = {Towards Autonomous Robotic Systems},
  Editor                   = {Dixon, Clare and Tuyls, Karl},
  Year                     = {2015},
  Doi                      = {10.1007/978-3-319-22416-9_4},
  ISBN                     = {978-3-319-22415-2},
  Language                 = {English},
  Pages                    = {26--37},
  Publisher                = {Springer International Publishing},
  Series                   = {Lecture Notes in Computer Science},
  Volume                   = {9287},

  Owner                    = {Chuddington},
  Timestamp                = {2015.10.18}
}

@Incollection{Bloembergen2015,
  Title                    = {Learning in Networked Interactions: A Replicator Dynamics Approach},
  Author                   = {Bloembergen, Daan and Caliskanelli, Ipek and Tuyls, Karl},
  Booktitle                = {Artificial Life and Intelligent Agents},
  Editor                   = {Headleand, Christopher J. and Teahan, William J. and Ap Cenydd, Llyr},
  Year                     = {2015},
  Doi                      = {10.1007/978-3-319-18084-7_4},
  ISBN                     = {978-3-319-18083-0},
  Language                 = {English},
  Pages                    = {44--58},
  Publisher                = {Springer International Publishing},
  Series                   = {Communications in Computer and Information Science},
  Volume                   = {519},

  Keywords                 = {Reinforcement learning; Social networks; Replicator dynamics},
  Owner                    = {Chuddington},
  Timestamp                = {2015.10.18}
}

@Incollection{Broecker2015,
  Title                    = {Hybrid Insect-Inspired Multi-Robot Coverage in Complex Environments},
  Author                   = {Broecker, Bastian and Caliskanelli, Ipek and Tuyls, Karl and Sklar, ElizabethI. and Hennes, Daniel},
  Booktitle                = {Towards Autonomous Robotic Systems},
  Editor                   = {Dixon, Clare and Tuyls, Karl},
  Year                     = {2015},
  Doi                      = {10.1007/978-3-319-22416-9_8},
  ISBN                     = {978-3-319-22415-2},
  Language                 = {English},
  Pages                    = {56--68},
  Publisher                = {Springer International Publishing},
  Series                   = {Lecture Notes in Computer Science},
  Volume                   = {9287},

  Owner                    = {Chuddington},
  Timestamp                = {2015.10.18}
}

@inproceedings{Broecker2015Demo,
 author = {Broecker, Bastian and Caliskanelli, Ipek and Tuyls, Karl and Sklar, Elizabeth and Hennes, Daniel},
 title = {Social Insect-Inspired Multi-Robot Coverage},
 booktitle = {Proceedings of the 2015 International Conference on Autonomous Agents and Multiagent Systems},
 series = {AAMAS '15},
 year = {2015},
 isbn = {978-1-4503-3413-6},
 location = {Istanbul, Turkey},
 pages = {1775--1776},
 numpages = {2},
 url = {http://dl.acm.org/citation.cfm?id=2772879.2773431},
 acmid = {2773431},
 publisher = {International Foundation for Autonomous Agents and Multiagent Systems},
 address = {Richland, SC},
 keywords = {ant-inspired, bee-inspired, bio-inspired, coverage, multi-robot systems},
}

@Incollection{Broek2008,
  Title                    = {Optimal Control in Large Stochastic Multi-agent Systems},
  Author                   = {van den Broek, Bart and Wiegerinck, Wim and Kappen, Bert},
  Booktitle                = {Adaptive Agents and Multi-Agent Systems III. Adaptation and Multi-Agent Learning},
  Editor                   = {Tuyls, Karl and Nowe, Ann and Guessoum, Zahia and Kudenko, Daniel},
  Year                     = {2008},
  Doi                      = {10.1007/978-3-540-77949-0_2},
  ISBN                     = {978-3-540-77947-6},
  Language                 = {English},
  Pages                    = {15--26},
  Publisher                = {Springer Berlin Heidelberg},
  Series                   = {Lecture Notes in Computer Science},
  Volume                   = {4865},

  Owner                    = {Chuddington},
  Timestamp                = {2015.10.18}
}

@Incollection{Busoniu2008,
  Title                    = {Continuous-State Reinforcement Learning with Fuzzy Approximation},
  Author                   = {Buşoniu, Lucian and Ernst, Damien and De Schutter, Bart and Babu{\v{s}}ka, Robert},
  Booktitle                = {Adaptive Agents and Multi-Agent Systems III. Adaptation and Multi-Agent Learning},
  Editor                   = {Tuyls, Karl and Nowe, Ann and Guessoum, Zahia and Kudenko, Daniel},
  Year                     = {2008},
  Doi                      = {10.1007/978-3-540-77949-0_3},
  ISBN                     = {978-3-540-77947-6},
  Language                 = {English},
  Pages                    = {27--43},
  Publisher                = {Springer Berlin Heidelberg},
  Series                   = {Lecture Notes in Computer Science},
  Volume                   = {4865},

  Owner                    = {Chuddington},
  Timestamp                = {2015.10.18}
}

@Incollection{Caliskanelli2015,
  Title                    = {Multi-Robot Coverage: A Bee Pheromone Signalling Approach},
  Author                   = {Caliskanelli, Ipek and Broecker, Bastian and Tuyls, Karl},
  Booktitle                = {Artificial Life and Intelligent Agents},
  Editor                   = {Headleand, Christopher J. and Teahan, William J. and Ap Cenydd, Llyr},
  Year                     = {2015},
  Doi                      = {10.1007/978-3-319-18084-7_10},
  ISBN                     = {978-3-319-18083-0},
  Language                 = {English},
  Pages                    = {124--140},
  Publisher                = {Springer International Publishing},
  Series                   = {Communications in Computer and Information Science},
  Volume                   = {519},

  Keywords                 = {Multi-robot systems; Bio-inspired; Bee-inspired; Coverage},
  Owner                    = {Chuddington},
  Timestamp                = {2015.10.18}
}

@Incollection{Croonenborghs2006,
  Title                    = {Multi-agent Relational Reinforcement Learning},
  Author                   = {Croonenborghs, Tom and Tuyls, Karl and Ramon, Jan and Bruynooghe, Maurice},
  Booktitle                = {Learning and Adaption in Multi-Agent Systems},
  Editor                   = {Tuyls, Karl and Hoen, PieterJan’t and Verbeeck, Katja and Sen, Sandip},
  Year                     = {2006},
  Doi                      = {10.1007/11691839_12},
  ISBN                     = {978-3-540-33053-0},
  Language                 = {English},
  Pages                    = {192--206},
  Publisher                = {Springer Berlin Heidelberg},
  Series                   = {Lecture Notes in Computer Science},
  Volume                   = {3898},

  Owner                    = {Chuddington},
  Timestamp                = {2015.10.18}
}

@Incollection{Dias2015,
  Title                    = {A Novel Approach to Environment Mapping Using Sonar Sensors and Inverse Problems},
  Author                   = {Dias, EduardoTondinFerreira and Vieira Neto, Hugo},
  Booktitle                = {Towards Autonomous Robotic Systems},
  Editor                   = {Dixon, Clare and Tuyls, Karl},
  Year                     = {2015},
  Doi                      = {10.1007/978-3-319-22416-9_12},
  ISBN                     = {978-3-319-22415-2},
  Language                 = {English},
  Pages                    = {100--111},
  Publisher                = {Springer International Publishing},
  Series                   = {Lecture Notes in Computer Science},
  Volume                   = {9287},

  Keywords                 = {Image reconstruction; Sonar sensing; Environment mapping},
  Owner                    = {Chuddington},
  Timestamp                = {2015.10.18}
}

@Incollection{Dresner2006,
  Title                    = {Multiagent Traffic Management: Opportunities for Multiagent Learning},
  Author                   = {Dresner, Kurt and Stone, Peter},
  Booktitle                = {Learning and Adaption in Multi-Agent Systems},
  Editor                   = {Tuyls, Karl and Hoen, PieterJan’t and Verbeeck, Katja and Sen, Sandip},
  Year                     = {2006},
  Doi                      = {10.1007/11691839_7},
  ISBN                     = {978-3-540-33053-0},
  Language                 = {English},
  Pages                    = {129--138},
  Publisher                = {Springer Berlin Heidelberg},
  Series                   = {Lecture Notes in Computer Science},
  Volume                   = {3898},

  Owner                    = {Chuddington},
  Timestamp                = {2015.10.18}
}

@Online{ePuckSite,
  Title   = {E-Puck Education Robot},
  Author  = {Bonani, Michael and Mondada, Francesco},
  url     = {http://www.e-puck.org/},
  urldate = {2015-10-19},
}

@Incollection{Grounds2008,
  Title                    = {Combining Reinforcement Learning with Symbolic Planning},
  Author                   = {Grounds, Matthew and Kudenko, Daniel},
  Booktitle                = {Adaptive Agents and Multi-Agent Systems III. Adaptation and Multi-Agent Learning},
  Editor                   = {Tuyls, Karl and Nowe, Ann and Guessoum, Zahia and Kudenko, Daniel},
  Year                     = {2008},
  Doi                      = {10.1007/978-3-540-77949-0_6},
  ISBN                     = {978-3-540-77947-6},
  Language                 = {English},
  Pages                    = {75--86},
  Publisher                = {Springer Berlin Heidelberg},
  Series                   = {Lecture Notes in Computer Science},
  Volume                   = {4865},

  Owner                    = {Chuddington},
  Timestamp                = {2015.10.18}
}

@Incollection{Grounds2008a,
  Title                    = {Parallel Reinforcement Learning with Linear Function Approximation},
  Author                   = {Grounds, Matthew and Kudenko, Daniel},
  Booktitle                = {Adaptive Agents and Multi-Agent Systems III. Adaptation and Multi-Agent Learning},
  Editor                   = {Tuyls, Karl and Nowe, Ann and Guessoum, Zahia and Kudenko, Daniel},
  Year                     = {2008},
  Doi                      = {10.1007/978-3-540-77949-0_5},
  ISBN                     = {978-3-540-77947-6},
  Language                 = {English},
  Pages                    = {60--74},
  Publisher                = {Springer Berlin Heidelberg},
  Series                   = {Lecture Notes in Computer Science},
  Volume                   = {4865},

  Owner                    = {Chuddington},
  Timestamp                = {2015.10.18}
}

@Incollection{Jong2008,
  Title                    = {Priority Awareness: Towards a Computational Model of Human Fairness for Multi-agent Systems},
  Author                   = {de Jong, Steven and Tuyls, Karl and Verbeeck, Katja and Roos, Nico},
  Booktitle                = {Adaptive Agents and Multi-Agent Systems III. Adaptation and Multi-Agent Learning},
  Editor                   = {Tuyls, Karl and Nowe, Ann and Guessoum, Zahia and Kudenko, Daniel},
  Year                     = {2008},
  Doi                      = {10.1007/978-3-540-77949-0_9},
  ISBN                     = {978-3-540-77947-6},
  Language                 = {English},
  Pages                    = {117--128},
  Publisher                = {Springer Berlin Heidelberg},
  Series                   = {Lecture Notes in Computer Science},
  Volume                   = {4865},

  Owner                    = {Chuddington},
  Timestamp                = {2015.10.18}
}

@Incollection{Kaisers2012,
  Title                    = {Multi-agent Learning and the Reinforcement Gradient},
  Author                   = {Kaisers, Michael and Bloembergen, Daan and Tuyls, Karl},
  Booktitle                = {Multi-Agent Systems},
  Editor                   = {Cossentino, Massimo and Kaisers, Michael and Tuyls, Karl and Weiss, Gerhard},
  Year                     = {2012},
  Doi                      = {10.1007/978-3-642-34799-3_10},
  ISBN                     = {978-3-642-34798-6},
  Language                 = {English},
  Pages                    = {145--159},
  Publisher                = {Springer Berlin Heidelberg},
  Series                   = {Lecture Notes in Computer Science},
  Volume                   = {7541},

  Owner                    = {Chuddington},
  Timestamp                = {2015.10.18}
}

@Incollection{Korosec2008,
  Title                    = {The Differential Ant-Stigmergy Algorithm for Large Scale Real-Parameter Optimization},
  Author                   = {Koro{\v{s}}ec, Peter and {\v{S}}ilc, Jurij},
  Booktitle                = {Ant Colony Optimization and Swarm Intelligence},
  Editor                   = {Dorigo, Marco and Birattari, Mauro and Blum, Christian and Clerc, Maurice and Stützle, Thomas and Winfield, AlanF.T.},
  Year                     = {2008},
  Doi                      = {10.1007/978-3-540-87527-7_51},
  ISBN                     = {978-3-540-87526-0},
  Language                 = {English},
  Pages                    = {413--414},
  Publisher                = {Springer Berlin Heidelberg},
  Series                   = {Lecture Notes in Computer Science},
  Volume                   = {5217},

  Owner                    = {Chuddington},
  Timestamp                = {2015.10.18}
}

@Incollection{Lemmens2008,
  Title                    = {Bee Behaviour in Multi-agent Systems},
  Author                   = {Lemmens, Nyree and de Jong, Steven and Tuyls, Karl and Now{\'{e}}, Ann},
  Booktitle                = {Adaptive Agents and Multi-Agent Systems III. Adaptation and Multi-Agent Learning},
  Editor                   = {Tuyls, Karl and Nowe, Ann and Guessoum, Zahia and Kudenko, Daniel},
  Year                     = {2008},
  Doi                      = {10.1007/978-3-540-77949-0_11},
  ISBN                     = {978-3-540-77947-6},
  Language                 = {English},
  Pages                    = {145--156},
  Publisher                = {Springer Berlin Heidelberg},
  Series                   = {Lecture Notes in Computer Science},
  Volume                   = {4865},

  Owner                    = {Chuddington},
  Timestamp                = {2015.10.18}
}

@Incollection{Mihaylov2010,
  Title                    = {Decentralized Learning in Wireless Sensor Networks},
  Author                   = {Mihaylov, Mihail and Tuyls, Karl and Now{\'{e}}, Ann},
  Booktitle                = {Adaptive and Learning Agents},
  Editor                   = {Taylor, MatthewE. and Tuyls, Karl},
  Year                     = {2010},
  Doi                      = {10.1007/978-3-642-11814-2_4},
  ISBN                     = {978-3-642-11813-5},
  Language                 = {English},
  Pages                    = {60--73},
  Publisher                = {Springer Berlin Heidelberg},
  Series                   = {Lecture Notes in Computer Science},
  Volume                   = {5924},

  Owner                    = {Chuddington},
  Timestamp                = {2015.10.18}
}

@misc{myReq,
  author = {Michael Chadwick},
  title = {Stigmergy for Multi-Robot Coverage: Project Requirements Document},
  submissiondate = {2015/10/22},
  year = {2015}, % based on submissiondate
  urldate = {2015-11-12},
  url = {https://github.com/Chuddington/FYP-Stigmergy/blob/master/reqOnly.pdf},
  institution = {Dept. of Computer Science, University of Liverpool},
}

@Incollection{Narayan2015,
  Title                    = {Simulated Road Following Using Neuroevolution},
  Author                   = {Narayan, Aparajit and Tuci, Elio and Labrosse, Fr{\'{e}}d{\'{e}}ric},
  Booktitle                = {Artificial Life and Intelligent Agents},
  Editor                   = {Headleand, Christopher J. and Teahan, William J. and Ap Cenydd, Llyr},
  Year                     = {2015},
  Doi                      = {10.1007/978-3-319-18084-7_2},
  ISBN                     = {978-3-319-18083-0},
  Language                 = {English},
  Pages                    = {17--30},
  Publisher                = {Springer International Publishing},
  Series                   = {Communications in Computer and Information Science},
  Volume                   = {519},

  Keywords                 = {Road-following; Genetic algorithm; Neural network; Dynamic dimensionality reduction; Autonomous navigation; Active vision},
  Owner                    = {Chuddington},
  Timestamp                = {2015.10.18}
}

@Incollection{Nowe2006,
  Title                    = {Learning Automata as a Basis for Multi Agent Reinforcement Learning},
  Author                   = {Now{\'{e}}, Ann and Verbeeck, Katja and Peeters, Maarten},
  Booktitle                = {Learning and Adaption in Multi-Agent Systems},
  Editor                   = {Tuyls, Karl and Hoen, PieterJan’t and Verbeeck, Katja and Sen, Sandip},
  Year                     = {2006},
  Doi                      = {10.1007/11691839_3},
  ISBN                     = {978-3-540-33053-0},
  Language                 = {English},
  Pages                    = {71--85},
  Publisher                = {Springer Berlin Heidelberg},
  Series                   = {Lecture Notes in Computer Science},
  Volume                   = {3898},

  Owner                    = {Chuddington},
  Timestamp                = {2015.10.18}
}

@Incollection{OextquoterightRiordan2008,
  Title                    = {Stable Cooperation in the N-Player Prisoner{\textquoteright}s Dilemma: The Importance of Community Structure},
  Author                   = {O{\textquoteright}Riordan, Colm and Sorensen, Humphrey},
  Booktitle                = {Adaptive Agents and Multi-Agent Systems III. Adaptation and Multi-Agent Learning},
  Editor                   = {Tuyls, Karl and Nowe, Ann and Guessoum, Zahia and Kudenko, Daniel},
  Year                     = {2008},
  Doi                      = {10.1007/978-3-540-77949-0_12},
  ISBN                     = {978-3-540-77947-6},
  Language                 = {English},
  Pages                    = {157--168},
  Publisher                = {Springer Berlin Heidelberg},
  Series                   = {Lecture Notes in Computer Science},
  Volume                   = {4865},

  Keywords                 = {Cooperation; N-Player Prisoner’s dilemma; Community structure},
  Owner                    = {Chuddington},
  Timestamp                = {2015.10.18}
}

@Incollection{Porter2010,
  Title                    = {Learning to Locate Trading Partners in Agent Networks},
  Author                   = {Porter, John and Chakraborty, Kuheli and Sen, Sandip},
  Booktitle                = {Adaptive and Learning Agents},
  Editor                   = {Taylor, MatthewE. and Tuyls, Karl},
  Year                     = {2010},
  Doi                      = {10.1007/978-3-642-11814-2_7},
  ISBN                     = {978-3-642-11813-5},
  Language                 = {English},
  Pages                    = {107--122},
  Publisher                = {Springer Berlin Heidelberg},
  Series                   = {Lecture Notes in Computer Science},
  Volume                   = {5924},

  Keywords                 = {Agent oriented networks; partner selection; learning},
  Owner                    = {Chuddington},
  Timestamp                = {2015.10.18}
}

@Incollection{Ranjbar-Sahraei2012,
  Title                    = {A Multi-robot Coverage Approach Based on Stigmergic Communication},
  Author                   = {Ranjbar-Sahraei, Bijan and Weiss, Gerhard and Nakisaee, Ali},
  Booktitle                = {Multiagent System Technologies},
  Editor                   = {Timm, IngoJ. and Guttmann, Christian},
  Year                     = {2012},
  Doi                      = {10.1007/978-3-642-33690-4_13},
  ISBN                     = {978-3-642-33689-8},
  Language                 = {English},
  Pages                    = {126--138},
  Publisher                = {Springer Berlin Heidelberg},
  Series                   = {Lecture Notes in Computer Science},
  Volume                   = {7598},

  Owner                    = {Chuddington},
  Timestamp                = {2015.10.18}
}

@inproceedings{Ranjbar-Sahraei2012Demo,
 author = {Ranjbar-Sahraei, Bijan and Weiss, Gerhard and Nakisaee, Ali},
 title = {Stigmergic Coverage Algorithm for Multi-robot Systems (Demonstration)},
 booktitle = {Proceedings of the 11th International Conference on Autonomous Agents and Multiagent Systems - Volume 3},
 series = {AAMAS '12},
 year = {2012},
 isbn = {0-9817381-3-3, 978-0-9817381-3-0},
 location = {Valencia, Spain},
 pages = {1497--1498},
 numpages = {2},
 url = {http://dl.acm.org/citation.cfm?id=2343896.2344079},
 acmid = {2344079},
 publisher = {International Foundation for Autonomous Agents and Multiagent Systems},
 address = {Richland, SC},
 keywords = {multi-agent systems, multi-robot coverage, stigmergy},
}

@inproceedings{Ranjbar-Sahraei2013,
 author = {Ranjbar-Sahraei, Bijan and Weiss, Gerhard and Tuyls, Karl},
 title = {A Macroscopic Model for Multi-robot Stigmergic Coverage},
 booktitle = {Proceedings of the 2013 International Conference on Autonomous Agents and Multi-agent Systems},
 series = {AAMAS '13},
 year = {2013},
 isbn = {978-1-4503-1993-5},
 location = {St. Paul, MN, USA},
 pages = {1233--1234},
 numpages = {2},
 url = {http://dl.acm.org/citation.cfm?id=2484920.2485159},
 acmid = {2485159},
 publisher = {International Foundation for Autonomous Agents and Multiagent Systems},
 address = {Richland, SC},
 keywords = {environment coverage, macroscopic probabilistic models, stigmergic communication, swarm robots},
}

@inproceedings{Ranjbar-Sahraei2013Demo,
 author = {Ranjbar-Sahraei, Bijan and Alers, Sjriek and Tuyls, Karl and Weiss, gerhard},
 title = {StiCo in Action},
 booktitle = {Proceedings of the 2013 International Conference on Autonomous Agents and Multi-agent Systems},
 series = {AAMAS '13},
 year = {2013},
 isbn = {978-1-4503-1993-5},
 location = {St. Paul, MN, USA},
 pages = {1403--1404},
 numpages = {2},
 url = {http://dl.acm.org/citation.cfm?id=2484920.2485246},
 acmid = {2485246},
 publisher = {International Foundation for Autonomous Agents and Multiagent Systems},
 address = {Richland, SC},
 keywords = {multi-robot coverage, stigmergy, swarm robotics},
}

@Incollection{Saigol2015,
  Title                    = {The Benefits of Explicit Ontological Knowledge-Bases for Robotic Systems},
  Author                   = {Saigol, Zeyn and Wang, Minlue and Ridder, Bram and Lane, DavidM.},
  Booktitle                = {Towards Autonomous Robotic Systems},
  Editor                   = {Dixon, Clare and Tuyls, Karl},
  Year                     = {2015},
  Doi                      = {10.1007/978-3-319-22416-9_27},
  ISBN                     = {978-3-319-22415-2},
  Language                 = {English},
  Pages                    = {229--235},
  Publisher                = {Springer International Publishing},
  Series                   = {Lecture Notes in Computer Science},
  Volume                   = {9287},

  Owner                    = {Chuddington},
  Timestamp                = {2015.10.18}
}

@Incollection{Schneider2015,
  Title                    = {Auction-Based Task Allocation for Multi-robot Teams in Dynamic Environments},
  Author                   = {Schneider, Eric and Sklar, ElizabethI. and Parsons, Simon and {\"{O}}zgelen, A.Tuna},
  Booktitle                = {Towards Autonomous Robotic Systems},
  Editor                   = {Dixon, Clare and Tuyls, Karl},
  Year                     = {2015},
  Doi                      = {10.1007/978-3-319-22416-9_29},
  ISBN                     = {978-3-319-22415-2},
  Language                 = {English},
  Pages                    = {246--257},
  Publisher                = {Springer International Publishing},
  Series                   = {Lecture Notes in Computer Science},
  Volume                   = {9287},

  Owner                    = {Chuddington},
  Timestamp                = {2015.10.18}
}

@Incollection{Sousa2006,
  Title                    = {Dealing with Errors in a Cooperative Multi-agent Learning System},
  Author                   = {Sousa, Constan{\c{c}}aOliveirae and Cust{\'{o}}dio, Luis},
  Booktitle                = {Learning and Adaption in Multi-Agent Systems},
  Editor                   = {Tuyls, Karl and Hoen, PieterJan’t and Verbeeck, Katja and Sen, Sandip},
  Year                     = {2006},
  Doi                      = {10.1007/11691839_8},
  ISBN                     = {978-3-540-33053-0},
  Language                 = {English},
  Pages                    = {139--154},
  Publisher                = {Springer Berlin Heidelberg},
  Series                   = {Lecture Notes in Computer Science},
  Volume                   = {3898},

  Owner                    = {Chuddington},
  Timestamp                = {2015.10.18}
}

@Incollection{Tumer2010,
  Title                    = {Coordinating Learning Agents for Multiple Resource Job Scheduling},
  Author                   = {Tumer, Kagan and Lawson, John},
  Booktitle                = {Adaptive and Learning Agents},
  Editor                   = {Taylor, MatthewE. and Tuyls, Karl},
  Year                     = {2010},
  Doi                      = {10.1007/978-3-642-11814-2_8},
  ISBN                     = {978-3-642-11813-5},
  Language                 = {English},
  Pages                    = {123--140},
  Publisher                = {Springer Berlin Heidelberg},
  Series                   = {Lecture Notes in Computer Science},
  Volume                   = {5924},

  Owner                    = {Chuddington},
  Timestamp                = {2015.10.18}
}

@Incollection{Williams2015,
  Title                    = {Collaborating Low Cost Micro Aerial Vehicles: A Demonstration},
  Author                   = {Williams, Richard and Konev, Boris and Coenen, Frans},
  Booktitle                = {Towards Autonomous Robotic Systems},
  Editor                   = {Dixon, Clare and Tuyls, Karl},
  Year                     = {2015},
  Doi                      = {10.1007/978-3-319-22416-9_33},
  ISBN                     = {978-3-319-22415-2},
  Language                 = {English},
  Pages                    = {296--302},
  Publisher                = {Springer International Publishing},
  Series                   = {Lecture Notes in Computer Science},
  Volume                   = {9287},

  Owner                    = {Chuddington},
  Timestamp                = {2015.10.18}
}

@Incollection{Wurst2008,
  Title                    = {Multi-agent Learning by Distributed Feature Extraction},
  Author                   = {Wurst, Michael},
  Booktitle                = {Adaptive Agents and Multi-Agent Systems III. Adaptation and Multi-Agent Learning},
  Editor                   = {Tuyls, Karl and Nowe, Ann and Guessoum, Zahia and Kudenko, Daniel},
  Year                     = {2008},
  Doi                      = {10.1007/978-3-540-77949-0_17},
  ISBN                     = {978-3-540-77947-6},
  Language                 = {English},
  Pages                    = {239--254},
  Publisher                = {Springer Berlin Heidelberg},
  Series                   = {Lecture Notes in Computer Science},
  Volume                   = {4865},

  Owner                    = {Chuddington},
  Timestamp                = {2015.10.18}
}

@Article{Yanovski2003,
  Title                    = {A Distributed Ant Algorithm for\protect Efficiently Patrolling a Network},
  Author                   = {Yanovski, Vladimir and Wagner, Israel A. and Bruckstein, Alfred M.},
  Year                     = {2003},
  Doi                      = {10.1007/s00453-003-1030-9},
  ISSN                     = {0178-4617},
  Language                 = {English},
  Number                   = {3},
  Pages                    = {165--186},
  Volume                   = {37},

  Journal                  = {Algorithmica},
  Keywords                 = {Ant algorithms; Euler cycle; Blanket time; Graph algorithms},
  Owner                    = {Chuddington},
  Publisher                = {Springer-Verlag},
  Timestamp                = {2015.10.18}
}
