@inproceedings{Ranjbar-Sahraei2013Demo,
 author = {Ranjbar-Sahraei, Bijan and Alers, Sjriek and Tuyls, Karl and Weiss, gerhard},
 title = {StiCo in Action},
 booktitle = {Proceedings of the 2013 International Conference on Autonomous Agents and Multi-agent Systems},
 series = {AAMAS '13},
 year = {2013},
 isbn = {978-1-4503-1993-5},
 location = {St. Paul, MN, USA},
 pages = {1403--1404},
 numpages = {2},
 url = {http://dl.acm.org/citation.cfm?id=2484920.2485246},
 acmid = {2485246},
 publisher = {International Foundation for Autonomous Agents and Multiagent Systems},
 address = {Richland, SC},
 keywords = {multi-robot coverage, stigmergy, swarm robotics},
}