@inproceedings{Ranjbar-Sahraei:2012:SCA:2343896.2344079,
 author = {Ranjbar-Sahraei, Bijan and Weiss, Gerhard and Nakisaee, Ali},
 title = {Stigmergic Coverage Algorithm for Multi-robot Systems (Demonstration)},
 booktitle = {Proceedings of the 11th International Conference on Autonomous Agents and Multiagent Systems - Volume 3},
 series = {AAMAS '12},
 year = {2012},
 isbn = {0-9817381-3-3, 978-0-9817381-3-0},
 location = {Valencia, Spain},
 pages = {1497--1498},
 numpages = {2},
 url = {http://dl.acm.org/citation.cfm?id=2343896.2344079},
 acmid = {2344079},
 publisher = {International Foundation for Autonomous Agents and Multiagent Systems},
 address = {Richland, SC},
 keywords = {multi-agent systems, multi-robot coverage, stigmergy},
}