@incollection{
year={2008},
isbn={978-3-540-77947-6},
booktitle={Adaptive Agents and Multi-Agent Systems III. Adaptation and Multi-Agent Learning},
volume={4865},
series={Lecture Notes in Computer Science},
editor={Tuyls, Karl and Nowe, Ann and Guessoum, Zahia and Kudenko, Daniel},
doi={10.1007/978-3-540-77949-0_12},
title={Stable Cooperation in the N-Player Prisoner’s Dilemma: The Importance of Community Structure},
url={http://dx.doi.org/10.1007/978-3-540-77949-0_12},
publisher={Springer Berlin Heidelberg},
keywords={Cooperation; N-Player Prisoner’s dilemma; Community structure},
author={O’Riordan, Colm and Sorensen, Humphrey},
pages={157-168},
language={English}
}
