@inproceedings{Broecker2015Demo,
 author = {Broecker, Bastian and Caliskanelli, Ipek and Tuyls, Karl and Sklar, Elizabeth and Hennes, Daniel},
 title = {Social Insect-Inspired Multi-Robot Coverage},
 booktitle = {Proceedings of the 2015 International Conference on Autonomous Agents and Multiagent Systems},
 series = {AAMAS '15},
 year = {2015},
 isbn = {978-1-4503-3413-6},
 location = {Istanbul, Turkey},
 pages = {1775--1776},
 numpages = {2},
 url = {http://dl.acm.org/citation.cfm?id=2772879.2773431},
 acmid = {2773431},
 publisher = {International Foundation for Autonomous Agents and Multiagent Systems},
 address = {Richland, SC},
 keywords = {ant-inspired, bee-inspired, bio-inspired, coverage, multi-robot systems},
}