@incollection{
year={2015},
isbn={978-3-319-22415-2},
booktitle={Towards Autonomous Robotic Systems},
volume={9287},
series={Lecture Notes in Computer Science},
editor={Dixon, Clare and Tuyls, Karl},
doi={10.1007/978-3-319-22416-9_4},
title={Symmetry Reduction Enables Model Checking of More Complex Emergent Behaviours of Swarm Navigation Algorithms},
url={http://dx.doi.org/10.1007/978-3-319-22416-9_4},
publisher={Springer International Publishing},
author={Antuña, Laura and Araiza-Illan, Dejanira and Campos, Sérgio and Eder, Kerstin},
pages={26-37},
language={English}
}
