@incollection{
year={2015},
isbn={978-3-319-18083-0},
booktitle={Artificial Life and Intelligent Agents},
volume={519},
series={Communications in Computer and Information Science},
editor={Headleand, Christopher J. and Teahan, William J. and Ap Cenydd, Llyr},
doi={10.1007/978-3-319-18084-7_2},
title={Simulated Road Following Using Neuroevolution},
url={http://dx.doi.org/10.1007/978-3-319-18084-7_2},
publisher={Springer International Publishing},
keywords={Road-following; Genetic algorithm; Neural network; Dynamic dimensionality reduction; Autonomous navigation; Active vision},
author={Narayan, Aparajit and Tuci, Elio and Labrosse, Frédéric},
pages={17-30},
language={English}
}
